<?xml version="1.0" encoding="UTF-8"?><collection xmlns="http://www.loc.gov/MARC21/slim"><record><leader>00641nam--2200181-i-4500</leader><controlfield tag="001">000011439</controlfield><controlfield tag="002">20161230</controlfield><controlfield tag="005">20170103165305</controlfield><controlfield tag="008">060222s1000------------r-----000-0-eng-d</controlfield><datafield ind1=" " ind2=" " tag="040"><subfield code="a">IFIN-HH</subfield></datafield><datafield ind1=" " ind2=" " tag="080"><subfield code="a">539.12.162.8 (061.3)</subfield></datafield><datafield ind1="1" ind2=" " tag="100"><subfield code="a">Perlmutter, Arnold</subfield></datafield><datafield ind1="1" ind2="0" tag="245"><subfield code="a">Coral Gables Conference on fundamental interactions at high energy II</subfield><subfield code="b">Center for theoretical studies January 21-23, 1970, University of Miami</subfield><subfield code="c">Arnold Prelmutter, Geoffrey J. Iverson, Ruth M. Williams</subfield></datafield><datafield ind1=" " ind2=" " tag="260"><subfield code="a">New York</subfield><subfield code="b">Gordon And Breach</subfield><subfield code="c">1970</subfield></datafield><datafield ind1=" " ind2=" " tag="300"><subfield code="a">IX + 369 p</subfield></datafield><datafield ind1="1" ind2=" " tag="700"><subfield code="a">Williams, Ruth M</subfield></datafield><datafield ind1=" " ind2=" " tag="852"><subfield code="a">42462</subfield><subfield code="c">539.131</subfield></datafield><datafield ind1=" " ind2=" " tag="CAT"><subfield code="a">SYS</subfield><subfield code="c">20170103</subfield><subfield code="h">165305</subfield></datafield></record></collection>